@Article{Spectral,
title = 		{A tutorial on spectral clustering},
author = 		{Ulrike von Luxburg},
journal = 		{Statistics and Computing},
volume = 		17,
year = 		2007,
pages = 		{395--416}
}

@Article{BeRoStVo08,
title = 		{\uppercase{MCMC} methods for diffusion bridges},
author = 		{A. Beskos and G. O. Roberts and A. M. Stuart and J. Voss},
journal = 		{Stochastics and Dynamics},
volume = 		8,
year = 		2008,
pages = 		{319--350}
}

@Article{CoRoStWh13,
title = 		{\uppercase{MCMC} methods for functions: modifying old algorithms to make them faster},
author = 		{S. L. Cotter and G. O. Roberts and A. M. Stuart and D. White},
journal = 		{Statistical Science},
volume =		28,
year = 		2013,
pages = 		{424--446}
}

@inproceedings{SelfTuning,
title=			{Self-tuning spectral clustering},
author=		{Zelnik-Manor, Lihi and Perona, Pietro},
booktitle=		{Advances in neural information processing systems},
pages=		{1601--1608},
year=		{2005}
}

@Article{BeLuStZy17,
title = 		{Uncertainty Quantification in the Classification of High Dimensional Data},
author = 		{Andrea L. Bertozzi and Xiyang Luo and Andrew M. Stuart and Konstantinos C. Zygalakis},
journal = 		{ArXiv e-prints},
archivePrefix = "arXiv",
eprint = 		{1703.08816},
primaryClass = "cs.LG",
keywords = 	{Computer Science - Learning, Statistics - Machine Learning},
year = 		2017,
month = 		mar,
adsurl = 		{http://adsabs.harvard.edu/abs/2017arXiv170308816B},
adsnote = 	{Provided by the SAO/NASA Astrophysics Data System}
}

@Article{Noncentered,
title=			{A general framework for the parametrization of hierarchical models},
author=		{Papaspiliopoulos, Omiros and Roberts, Gareth O and Sk{\"o}ld, Martin},
journal=		{Statistical Science},
pages=		{59--73},
year=		{2007},
publisher=		{JSTOR}
}

@Article{BLS,
title=			{A {B}ayesian level set method for geometric inverse problems},
author=		{Iglesias, Marco and Lu, Yulong and Stuart, Andrew M},
journal=		{Interfaces and Free Boundaries},
volume=		{18},
number=		{2},
pages=		{181--217},
year=		{2016},
publisher=		{European Mathematical Society Publishing House}
}